% This file was created with JabRef 2.10.
% Encoding: UTF-8


@Article{2008ApJS..178...20A,
  Title                    = {{The MAPPINGS III Library of Fast Radiative Shock Models}},
  Author                   = {{Allen}, M.~G. and {Groves}, B.~A. and {Dopita}, M.~A. and {Sutherland}, R.~S. and {Kewley}, L.~J.},
  Journal                  = {\apjs},
  Year                     = {2008},

  Month                    = sep,
  Pages                    = {20-55},
  Volume                   = {178},

  Adsnote                  = {Provided by the SAO/NASA Astrophysics Data System},
  Adsurl                   = {http://adsabs.harvard.edu/abs/2008ApJS..178...20A://adsabs.harvard.edu/abs/2008ApJS..178...20A},
  Archiveprefix            = {arXiv},
  Doi                      = {10.1086/589652},
  Eid                      = {20-55},
  Eprint                   = {0805.0204},
  Keywords                 = {galaxies: nuclei, galaxies: Seyfert, hydrodynamics, infrared: ISM, ISM: abundances, shock waves, ultraviolet: ISM, X-rays: ISM}
}

@Article{2009ApJ...707.1691A,
  Title                    = {{Active Galactic Nuclei in Groups and Clusters of Galaxies: Detection and Host Morphology}},
  Author                   = {{Arnold}, Timothy J. and {Martini}, Paul and {Mulchaey}, John S. and {Berti}, Angela and {Jeltema}, Tesla E.},
  Journal                  = {\apj},
  Year                     = {2009},

  Month                    = Dec,
  Pages                    = {1691-1706},
  Volume                   = {707},

  Adsnote                  = {Provided by the SAO/NASA Astrophysics Data System},
  Adsurl                   = {https://ui.adsabs.harvard.edu/#abs/2009ApJ...707.1691A},
  Archiveprefix            = {arXiv},
  Doi                      = {10.1088/0004-637X/707/2/1691},
  Eprint                   = {0911.0392},
  Keywords                 = {galaxies: active, galaxies: clusters: general, galaxies: evolution, X-rays: galaxies: clusters, X-rays: general, Astrophysics - Cosmology and Nongalactic Astrophysics, Astrophysics - Astrophysics of Galaxies},
  Primaryclass             = {astro-ph.CO}
}

@Article{2017ApJ...837...91B,
  Title                    = {{The Limited Impact of Outflows: Integral-field Spectroscopy of 20 Local AGNs}},
  Author                   = {{Bae}, H.-J. and {Woo}, J.-H. and {Karouzos}, M. and {Gallo}, E. and {Flohic}, H. and {Shen}, Y. and {Yoon}, S.-J.},
  Journal                  = {\apj},
  Year                     = {2017},

  Month                    = mar,
  Pages                    = {91},
  Volume                   = {837},

  Adsnote                  = {Provided by the SAO/NASA Astrophysics Data System},
  Adsurl                   = {http://adsabs.harvard.edu/abs/2017ApJ...837...91B},
  Archiveprefix            = {arXiv},
  Doi                      = {10.3847/1538-4357/aa5f5c},
  Eid                      = {91},
  Eprint                   = {1702.01900},
  Keywords                 = {galaxies: active, galaxies: kinematics and dynamics, techniques: imaging spectroscopy}
}

@Article{2016AA...585A.148B,
  Author                   = {{Balmaverde}, B. and {Marconi}, A. and {Brusa}, M. and {Carniani}, S. and {Cresci}, G. and {Lusso}, E. and {Maiolino}, R. and {Mannucci}, F. and {Nagao}, T.},
  Journal                  = {\aap},
  Year                     = {2016},

  Month                    = Jan,
  Pages                    = {A148},
  Volume                   = {585},

  Adsnote                  = {Provided by the SAO/NASA Astrophysics Data System},
  Doi                      = {10.1051/0004-6361/201526694},
  Eid                      = {A148},
  Keywords                 = {quasars: general, galaxies: active, galaxies: star formation, Astrophysics - Astrophysics of Galaxies},
  Primaryclass             = {astro-ph.GA}
}

@Article{2016MNRAS.461.3111B,
  Title                    = {{SDSS IV MaNGA - spatially resolved diagnostic diagrams: a proof that many galaxies are LIERs}},
  Author                   = {{Belfiore}, Francesco and {Maiolino}, Roberto and {Maraston}, Claudia and {Emsellem}, Eric and {Bershady}, Matthew A. and {Masters}, Karen L. and {Yan}, Renbin and {Bizyaev}, Dmitry and {Boquien}, M{\'e}d{\'e}ric and {Brownstein}, Joel R. and {Bundy}, Kevin and {Drory}, Niv and {Heckman}, Timothy M. and {Law}, David R. and {Roman-Lopes}, Alexandre and {Pan}, Kaike and {Stanghellini}, Letizia and {Thomas}, Daniel and {Weijmans}, Anne-Marie and {Westfall}, Kyle B.},
  Journal                  = {\mnras},
  Year                     = {2016},

  Month                    = Sep,
  Pages                    = {3111-3134},
  Volume                   = {461},

  Adsnote                  = {Provided by the SAO/NASA Astrophysics Data System},
  Adsurl                   = {https://ui.adsabs.harvard.edu/#abs/2016MNRAS.461.3111B},
  Doi                      = {10.1093/mnras/stw1234},
  Keywords                 = {surveys, galaxies: evolution, galaxies: fundamental parameters, galaxies: ISM, Astrophysics - Astrophysics of Galaxies},
  Primaryclass             = {astro-ph.GA}
}

@Article{2017ApJ...844...49B,
  Title                    = {{GASP. II. A MUSE View of Extreme Ram-Pressure Stripping along the Line of Sight: Kinematics of the Jellyfish Galaxy JO201}},
  Author                   = {{Bellhouse}, C. and {Jaff{\'e}}, Y.~L. and {Hau}, G.~K.~T. and {McGee}, S.~L. and {Poggianti}, B.~M. and {Moretti}, A. and {Gullieuszik}, M. and {Bettoni}, D. and {Fasano}, G. and {D'Onofrio}, M. and {Fritz}, J. and {Omizzolo}, A. and {Sheen}, Y.-K. and {Vulcani}, B. },
  Journal                  = {\apj},
  Year                     = {2017},

  Month                    = jul,
  Pages                    = {49},
  Volume                   = {844},

  Adsnote                  = {Provided by the SAO/NASA Astrophysics Data System},
  Adsurl                   = {http://adsabs.harvard.edu/abs/2017ApJ...844...49B},
  Archiveprefix            = {arXiv},
  Doi                      = {10.3847/1538-4357/aa7875},
  Eid                      = {49},
  Eprint                   = {1704.05087},
  Keywords                 = {galaxies: clusters: general, galaxies: evolution, galaxies: ISM, galaxies: kinematics and dynamics, techniques: imaging spectroscopy}
}

@Article{2015A&A...580A.102C,
  Title                    = {{Ionised outflows in z \textasciitilde 2.4 quasar host galaxies}},
  Author                   = {{Carniani}, S. and {Marconi}, A. and {Maiolino}, R. and {Balmaverde}, B. and {Brusa}, M. and {Cano-D{\'\i}az}, M. and {Cicone}, C. and {Comastri}, A. and {Cresci}, G. and {Fiore}, F. and {Feruglio}, C. and {La Franca}, F. and {Mainieri}, V. and {Mannucci}, F. and {Nagao}, T. and {Netzer}, H. and {Piconcelli}, E. and {Risaliti}, G. and {Schneider}, R. and {Shemmer}, O.},
  Journal                  = {\aap},
  Year                     = {2015},

  Month                    = Aug,
  Pages                    = {A102},
  Volume                   = {580},

  Adsnote                  = {Provided by the SAO/NASA Astrophysics Data System},
  Adsurl                   = {https://ui.adsabs.harvard.edu/#abs/2015A&A...580A.102C},
  Doi                      = {10.1051/0004-6361/201526557},
  Eid                      = {A102},
  Keywords                 = {galaxies: active, galaxies: evolution, quasars: emission lines, techniques: imaging spectroscopy, Astrophysics - Astrophysics of Galaxies},
  Primaryclass             = {astro-ph.GA}
}

@Article{2010ApJ...708..419C,
  Title                    = {{Radial Velocity Offsets Due to Mass Outflows and Extinction in Active Galactic Nuclei}},
  Author                   = {{Crenshaw}, D.~M. and {Schmitt}, H.~R. and {Kraemer}, S.~B. and {Mushotzky}, R.~F. and {Dunn}, J.~P.},
  Journal                  = {\apj},
  Year                     = {2010},

  Month                    = Jan,
  Pages                    = {419-426},
  Volume                   = {708},

  Adsnote                  = {Provided by the SAO/NASA Astrophysics Data System},
  Adsurl                   = {https://ui.adsabs.harvard.edu/#abs/2010ApJ...708..419C},
  Archiveprefix            = {arXiv},
  Doi                      = {10.1088/0004-637X/708/1/419},
  Eprint                   = {0911.0675},
  Keywords                 = {galaxies: active, galaxies: kinematics and dynamics, galaxies: Seyfert, Astrophysics - Cosmology and Nongalactic Astrophysics},
  Primaryclass             = {astro-ph.CO}
}

@Article{2016ApJ...824...50D,
  Title                    = {{The Role of Radiation Pressure in the Narrow Line Regions of Seyfert Host Galaxies}},
  Author                   = {{Davies}, R.~L. and {Dopita}, M.~A. and {Kewley}, L. and {Groves}, B. and {Sutherland}, R. and {Hampton}, E.~J. and {Shastri}, P. and {Kharb}, P. and {Bhatt}, H. and {Scharw{\"a}chter}, J. and {Jin}, C. and {Banfield}, J. and {Zaw}, I. and {James}, B. and {Juneau}, S. and {Srivastava}, S.},
  Journal                  = {\apj},
  Year                     = {2016},

  Month                    = jun,
  Pages                    = {50},
  Volume                   = {824},

  Adsnote                  = {Provided by the SAO/NASA Astrophysics Data System},
  Adsurl                   = {http://adsabs.harvard.edu/abs/2016ApJ...824...50D},
  Archiveprefix            = {arXiv},
  Doi                      = {10.3847/0004-637X/824/1/50},
  Eid                      = {50},
  Eprint                   = {1604.06104},
  Keywords                 = {galaxies: active, galaxies: ISM, galaxies: Seyfert}
}

@Article{1995ApJ...455..468D,
  Title                    = {{Spectral Signatures of Fast Shocks. II. Optical Diagnostic Diagrams}},
  Author                   = {{Dopita}, Michael A. and {Sutherland}, Ralph S.},
  Journal                  = {\apj},
  Year                     = {1995},

  Month                    = Dec,
  Pages                    = {468},
  Volume                   = {455},

  Adsnote                  = {Provided by the SAO/NASA Astrophysics Data System},
  Adsurl                   = {https://ui.adsabs.harvard.edu/#abs/1995ApJ...455..468D},
  Doi                      = {10.1086/176596},
  Keywords                 = {GALAXIES: ACTIVE, GALAXIES: SEYFERT, SHOCK WAVES}
}

@Article{1985ApJ...288..481D,
  Title                    = {{Statistics of emission-line galaxies in rich clusters.}},
  Author                   = {{Dressler}, A. and {Thompson}, I.~B. and {Shectman}, S.~A.},
  Journal                  = {\apj},
  Year                     = {1985},

  Month                    = Jan,
  Pages                    = {481-486},
  Volume                   = {288},

  Adsnote                  = {Provided by the SAO/NASA Astrophysics Data System},
  Adsurl                   = {https://ui.adsabs.harvard.edu/#abs/1985ApJ...288..481D},
  Doi                      = {10.1086/162813},
  Keywords                 = {Astronomical Spectroscopy, Galactic Clusters, Galactic Nuclei, Seyfert Galaxies, Statistical Distributions, Emission Spectra, Frequency Distribution, Galactic Structure, Line Spectra, Astrophysics}
}

@Article{2014MNRAS.437.1942E,
  Title                    = {{X-ray bright active galactic nuclei in massive galaxy clusters - II. The fraction of galaxies hosting active nuclei}},
  Author                   = {{Ehlert}, S. and {von der Linden}, A. and {Allen}, S.~W. and {Brandt}, W.~N. and {Xue}, Y.~Q. and {Luo}, B. and {Mantz}, A. and {Morris}, R.~G. and {Applegate}, D. and {Kelly}, P.},
  Journal                  = {\mnras},
  Year                     = {2014},

  Month                    = Jan,
  Pages                    = {1942-1949},
  Volume                   = {437},

  Adsnote                  = {Provided by the SAO/NASA Astrophysics Data System},
  Adsurl                   = {https://ui.adsabs.harvard.edu/#abs/2014MNRAS.437.1942E},
  Archiveprefix            = {arXiv},
  Doi                      = {10.1093/mnras/stt2025},
  Eprint                   = {1310.5711},
  Keywords                 = {galaxies: active, galaxies: clusters: general, galaxies: photometry, X-rays: galaxies, Xrays: galaxies: clusters, Astrophysics - Cosmology and Nongalactic Astrophysics},
  Primaryclass             = {astro-ph.CO}
}

@Article{1997ApJ...487..122F,
  Title                    = {{Locally Optimally Emitting Clouds and the Narrow Emission Lines in Seyfert Galaxies}},
  Author                   = {{Ferguson}, Jason W. and {Korista}, Kirk T. and {Baldwin}, Jack A. and {Ferland}, Gary J.},
  Journal                  = {\apj},
  Year                     = {1997},

  Month                    = Sep,
  Pages                    = {122-141},
  Volume                   = {487},

  Adsnote                  = {Provided by the SAO/NASA Astrophysics Data System},
  Adsurl                   = {https://ui.adsabs.harvard.edu/#abs/1997ApJ...487..122F},
  Archiveprefix            = {arXiv},
  Doi                      = {10.1086/304611},
  Eprint                   = {astro-ph/9705083},
  Keywords                 = {Galaxies: ISM, Galaxies: Seyfert, Line: Formation, Astrophysics},
  Primaryclass             = {astro-ph}
}

@Article{1997ApJS..110..287F,
  Title                    = {{Physical Conditions of the Coronal Line Region in Seyfert Galaxies}},
  Author                   = {{Ferguson}, Jason W. and {Korista}, Kirk T. and {Ferland}, Gary J.},
  Journal                  = {The Astrophysical Journal Supplement Series},
  Year                     = {1997},

  Month                    = Jun,
  Pages                    = {287-297},
  Volume                   = {110},

  Adsnote                  = {Provided by the SAO/NASA Astrophysics Data System},
  Adsurl                   = {https://ui.adsabs.harvard.edu/#abs/1997ApJS..110..287F},
  Archiveprefix            = {arXiv},
  Doi                      = {10.1086/312998},
  Eprint                   = {astro-ph/9705082},
  Keywords                 = {GALAXIES: SEYFERT, INFRARED: GALAXIES, LINE: FORMATION, Galaxies: Seyfert, Infrared: Galaxies, Line: Formation, Astrophysics},
  Primaryclass             = {astro-ph}
}

@Article{2017ApJ...834...30F,
  Title                    = {{Gemini Near Infrared Field Spectrograph Observations of the Seyfert 2 Galaxy Mrk 573: In Situ Acceleration of Ionized and Molecular Gas off Fueling Flows}},
  Author                   = {{Fischer}, Travis C. and {Machuca}, C. and {Diniz}, M.~R. and {Crenshaw}, D.~M. and {Kraemer}, S.~B. and {Riffel}, R.~A. and {Schmitt}, H.~R. and {Baron}, F. and {Storchi-Bergmann}, T. and {Straughn}, A.~N. and {Revalski}, M. and {Pope}, C.~L.},
  Journal                  = {\apj},
  Year                     = {2017},

  Month                    = Jan,
  Pages                    = {30},
  Volume                   = {834},

  Adsnote                  = {Provided by the SAO/NASA Astrophysics Data System},
  Adsurl                   = {https://ui.adsabs.harvard.edu/#abs/2017ApJ...834...30F},
  Doi                      = {10.3847/1538-4357/834/1/30},
  Eid                      = {30},
  Keywords                 = {galaxies: active, galaxies: individual: Mrk 573, galaxies: kinematics and dynamics, galaxies: Seyfert, Astrophysics - Astrophysics of Galaxies},
  Primaryclass             = {astro-ph.GA}
}

@Article{2016MNRAS.455.2028F,
  Title                    = {{MUSE sneaks a peek at extreme ram-pressure stripping events - II. The physical properties of the gas tail of ESO137-001}},
  Author                   = {{Fossati}, Matteo and {Fumagalli}, Michele and {Boselli}, Alessandro and {Gavazzi}, Giuseppe and {Sun}, Ming and {Wilman}, David J.},
  Journal                  = {\mnras},
  Year                     = {2016},

  Month                    = Jan,
  Pages                    = {2028-2041},
  Volume                   = {455},

  Adsnote                  = {Provided by the SAO/NASA Astrophysics Data System},
  Adsurl                   = {https://ui.adsabs.harvard.edu/#abs/2016MNRAS.455.2028F},
  Doi                      = {10.1093/mnras/stv2400},
  Keywords                 = {shock waves, techniques: spectroscopic, H II regions, galaxies: abundances, galaxies: clusters: individual: ESO137-001, galaxies: ISM, Astrophysics - Astrophysics of Galaxies},
  Primaryclass             = {astro-ph.GA}
}

@Article{2009ApJ...690..953F,
  Title                    = {{Extended Emission-Line Regions: Remnants of Quasar Superwinds?}},
  Author                   = {{Fu}, Hai and {Stockton}, Alan},
  Journal                  = {\apj},
  Year                     = {2009},

  Month                    = Jan,
  Pages                    = {953-973},
  Volume                   = {690},

  Adsnote                  = {Provided by the SAO/NASA Astrophysics Data System},
  Adsurl                   = {https://ui.adsabs.harvard.edu/#abs/2009ApJ...690..953F},
  Archiveprefix            = {arXiv},
  Doi                      = {10.1088/0004-637X/690/1/953},
  Eprint                   = {0809.1117},
  Keywords                 = {galaxies: abundances, galaxies: evolution, galaxies: ISM, quasars: emission lines, quasars: individual: 3C 48 Mrk 1014 Ton 616 Ton 202 PKS 2251+11, Astrophysics},
  Primaryclass             = {astro-ph}
}

@Article{2014MNRAS.445.4335F,
  Title                    = {{MUSE sneaks a peek at extreme ram-pressure stripping events - I. A kinematic study of the archetypal galaxy ESO137-001}},
  Author                   = {{Fumagalli}, Michele and {Fossati}, Matteo and {Hau}, George K.~T. and {Gavazzi}, Giuseppe and {Bower}, Richard and {Sun}, Ming and {Boselli}, Alessandro},
  Journal                  = {\mnras},
  Year                     = {2014},

  Month                    = Dec,
  Pages                    = {4335-4344},
  Volume                   = {445},

  Adsnote                  = {Provided by the SAO/NASA Astrophysics Data System},
  Adsurl                   = {https://ui.adsabs.harvard.edu/#abs/2014MNRAS.445.4335F},
  Archiveprefix            = {arXiv},
  Doi                      = {10.1093/mnras/stu2092},
  Eprint                   = {1407.7527},
  Keywords                 = {hydrodynamics, turbulence, techniques: spectroscopic, galaxies: clusters: individual: ESO137-001, galaxies: ISM, galaxies: kinematics and dynamics, Astrophysics - Astrophysics of Galaxies},
  Primaryclass             = {astro-ph.GA}
}

@Article{2018MNRAS.479.4126G,
  Title                    = {{UVIT view of ram-pressure stripping in action: star formation in the stripped gas of the GASP jellyfish galaxy JO201 in Abell 85}},
  Author                   = {{George}, K. and {Poggianti}, B.~M. and {Gullieuszik}, M. and {Fasano}, G. and {Bellhouse}, C. and {Postma}, J. and {Moretti}, A. and {Jaff{\'e}}, Y. and {Vulcani}, B. and {Bettoni}, D. and {Fritz}, J. and {C{\^o}t{\'e}}, P. and {Ghosh}, S.~K. and {Hutchings}, J.~B. and {Mohan}, R. and {Sreekumar}, P. and {Stalin}, C.~S. and {Subramaniam}, A. and {Tandon}, S.~N.},
  Journal                  = {\mnras},
  Year                     = {2018},

  Month                    = sep,
  Pages                    = {4126-4135},
  Volume                   = {479},

  Adsnote                  = {Provided by the SAO/NASA Astrophysics Data System},
  Adsurl                   = {http://adsabs.harvard.edu/abs/2018MNRAS.479.4126G},
  Archiveprefix            = {arXiv},
  Doi                      = {10.1093/mnras/sty1452},
  Eprint                   = {1803.06193},
  Keywords                 = {galaxies: clusters: intracluster medium, galaxies: star formation}
}

@Article{2017ApJ...846...27G,
  Title                    = {{GASP. IV. A Muse View of Extreme Ram-pressure-stripping in the Plane of the Sky: The Case of Jellyfish Galaxy JO204}},
  Author                   = {{Gullieuszik}, Marco and {Poggianti}, Bianca M. and {Moretti}, Alessia and {Fritz}, Jacopo and {Jaff{\'e}}, Yara L. and {Hau}, George and {Bischko}, Jan C. and {Bellhouse}, Callum and {Bettoni}, Daniela and {Fasano}, Giovanni and {Vulcani}, Benedetta and {D'Onofrio}, Mauro and {Biviano}, Andrea},
  Journal                  = {\apj},
  Year                     = {2017},

  Month                    = Sep,
  Pages                    = {27},
  Volume                   = {846},

  Adsnote                  = {Provided by the SAO/NASA Astrophysics Data System},
  Adsurl                   = {https://ui.adsabs.harvard.edu/#abs/2017ApJ...846...27G},
  Doi                      = {10.3847/1538-4357/aa8322},
  Eid                      = {27},
  Keywords                 = {galaxies: clusters: general, galaxies: evolution, galaxies: general, galaxies: kinematics and dynamics, intergalactic medium, Astrophysics - Astrophysics of Galaxies},
  Primaryclass             = {astro-ph.GA}
}

@Article{2014MNRAS.441.3306H,
  Title                    = {{Kiloparsec-scale outflows are prevalent among luminous AGN: outflows and feedback in the context of the overall AGN population}},
  Author                   = {{Harrison}, C.~M. and {Alexander}, D.~M. and {Mullaney}, J.~R. and {Swinbank}, A.~M.},
  Journal                  = {\mnras},
  Year                     = {2014},

  Month                    = Jul,
  Pages                    = {3306-3347},
  Volume                   = {441},

  Adsnote                  = {Provided by the SAO/NASA Astrophysics Data System},
  Adsurl                   = {https://ui.adsabs.harvard.edu/#abs/2014MNRAS.441.3306H},
  Archiveprefix            = {arXiv},
  Doi                      = {10.1093/mnras/stu515},
  Eprint                   = {1403.3086},
  Keywords                 = {galaxies: active, galaxies: evolution, galaxies: kinematics and dynamics, quasars: emission lines, Astrophysics - Astrophysics of Galaxies, Astrophysics - Cosmology and Nongalactic Astrophysics, Astrophysics - High Energy Astrophysical Phenomena},
  Primaryclass             = {astro-ph.GA}
}

@Article{2018NatAs...2..198H,
  Title                    = {{AGN outflows and feedback twenty years on}},
  Author                   = {{Harrison}, C.~M. and {Costa}, T. and {Tadhunter}, C.~N. and {Fl{\"u}tsch}, A. and {Kakkad}, D. and {Perna}, M. and {Vietri}, G.},
  Journal                  = {Nature Astronomy},
  Year                     = {2018},

  Month                    = Mar,
  Pages                    = {198-205},
  Volume                   = {2},

  Adsnote                  = {Provided by the SAO/NASA Astrophysics Data System},
  Adsurl                   = {https://ui.adsabs.harvard.edu/#abs/2018NatAs...2..198H},
  Doi                      = {10.1038/s41550-018-0403-6},
  Keywords                 = {Astrophysics - Astrophysics of Galaxies, Astrophysics - High Energy Astrophysical Phenomena},
  Primaryclass             = {astro-ph.GA}
}

@Article{2014ARA&A..52..589H,
  Title                    = {{The Coevolution of Galaxies and Supermassive Black Holes: Insights from Surveys of the Contemporary Universe}},
  Author                   = {{Heckman}, Timothy M. and {Best}, Philip N.},
  Journal                  = {Annual Review of Astronomy and Astrophysics},
  Year                     = {2014},

  Month                    = Aug,
  Pages                    = {589-660},
  Volume                   = {52},

  Adsnote                  = {Provided by the SAO/NASA Astrophysics Data System},
  Adsurl                   = {https://ui.adsabs.harvard.edu/#abs/2014ARA&A..52..589H},
  Archiveprefix            = {arXiv},
  Doi                      = {10.1146/annurev-astro-081913-035722},
  Eprint                   = {1403.4620},
  Keywords                 = {Astrophysics - Astrophysics of Galaxies, Astrophysics - Cosmology and Nongalactic Astrophysics, Astrophysics - High Energy Astrophysical Phenomena},
  Primaryclass             = {astro-ph.GA}
}

@Article{2004ApJ...613..109H,
  Title                    = {{Present-Day Growth of Black Holes and Bulges: The Sloan Digital Sky Survey Perspective}},
  Author                   = {{Heckman}, Timothy M. and {Kauffmann}, Guinevere and {Brinchmann}, Jarle and {Charlot}, St{\'e}phane and {Tremonti}, Christy and {White}, Simon D.~M.},
  Journal                  = {\apj},
  Year                     = {2004},

  Month                    = Sep,
  Pages                    = {109-118},
  Volume                   = {613},

  Adsnote                  = {Provided by the SAO/NASA Astrophysics Data System},
  Adsurl                   = {https://ui.adsabs.harvard.edu/#abs/2004ApJ...613..109H},
  Archiveprefix            = {arXiv},
  Doi                      = {10.1086/422872},
  Eprint                   = {astro-ph/0406218},
  Keywords                 = {Galaxies: Active, Galaxies: Bulges, Galaxies: Evolution, Galaxies: Nuclei, Galaxies: Stellar Content, Astrophysics},
  Primaryclass             = {astro-ph}
}

@Article{2018A&A...614A..94H,
  Title                    = {{An outflow in the Seyfert ESO 362-G18 revealed by Gemini-GMOS/IFU observations}},
  Author                   = {{Humire}, Pedro K. and {Nagar}, Neil M. and {Finlez}, Carolina and {Firpo}, Ver{\'o}nica and {Slater}, Roy and {Lena}, Davide and {Soto-Pinto}, Pamela and {Mu{\~n}oz-Vergara}, Dania and {Riffel}, Rogemar A. and {Schmitt}, Henrique R. and {Kraemer}, Steven B. and {Schnorr-M{\"u}ller}, Allan and {Fischer}, Travis C. and {Robinson}, Andrew and {Storchi-Bergmann}, Thaisa and {Crenshaw}, Mike and {Elvis}, Martin S.},
  Journal                  = {\aap},
  Year                     = {2018},

  Month                    = Jun,
  Pages                    = {A94},
  Volume                   = {614},

  Adsnote                  = {Provided by the SAO/NASA Astrophysics Data System},
  Adsurl                   = {https://ui.adsabs.harvard.edu/#abs/2018A&A...614A..94H},
  Doi                      = {10.1051/0004-6361/201731671},
  Eid                      = {A94},
  Keywords                 = {galaxies: active, galaxies: individual: ESO 362-G18, galaxies: Seyfert, galaxies: nuclei, galaxies: kinematics and dynamics, Astrophysics - Astrophysics of Galaxies},
  Primaryclass             = {astro-ph.GA}
}

@Article{2018MNRAS.476.4753J,
  Title                    = {{GASP. IX. Jellyfish galaxies in phase-space: an orbital study of intense ram-pressure stripping in clusters}},
  Author                   = {{Jaff{\'e}}, Yara L. and {Poggianti}, Bianca M. and {Moretti}, Alessia and {Gullieuszik}, Marco and {Smith}, Rory and {Vulcani}, Benedetta and {Fasano}, Giovanni and {Fritz}, Jacopo and {Tonnesen}, Stephanie and {Bettoni}, Daniela and {Hau}, George and {Biviano}, Andrea and {Bellhouse}, Callum and {McGee}, Sean},
  Journal                  = {\mnras},
  Year                     = {2018},

  Month                    = Jun,
  Pages                    = {4753-4764},
  Volume                   = {476},

  Adsnote                  = {Provided by the SAO/NASA Astrophysics Data System},
  Adsurl                   = {https://ui.adsabs.harvard.edu/#abs/2018MNRAS.476.4753J},
  Doi                      = {10.1093/mnras/sty500},
  Keywords                 = {galaxies: clusters: intracluster medium, galaxies:evolution, galaxies: ISM, galaxies: peculiar, Astrophysics - Astrophysics of Galaxies},
  Primaryclass             = {astro-ph.GA}
}

@Article{2018arXiv180602839K,
  Title                    = {{Spatially resolved electron density in the Narrow Line Region of z\&lt;0.02 radio AGNs}},
  Author                   = {{Kakkad}, D. and {Groves}, B. and {Dopita}, M. and {Thomas}, Adam D. and {Davies}, Rebecca L. and {Mainieri}, V. and {Kharb}, Preeti and {Scharw{\"a}chter}, J. and {Hampton}, E.~J. and {Ho}, I-Ting},
  Journal                  = {ArXiv e-prints},
  Year                     = {2018},

  Month                    = Jun,
  Pages                    = {arXiv:1806.02839},

  Adsnote                  = {Provided by the SAO/NASA Astrophysics Data System},
  Adsurl                   = {https://ui.adsabs.harvard.edu/#abs/2018arXiv180602839K},
  Archiveprefix            = {arXiv},
  Eid                      = {arXiv:1806.02839},
  Eprint                   = {1806.02839},
  Keywords                 = {Astrophysics - Astrophysics of Galaxies},
  Primaryclass             = {astro-ph.GA}
}

@Article{2016ApJ...819..148K,
  Title                    = {{Unraveling the Complex Structure of AGN-driven Outflows. I. Kinematics and Sizes}},
  Author                   = {{Karouzos}, M. and {Woo}, J.-H. and {Bae}, H.-J.},
  Journal                  = {\apj},
  Year                     = {2016},

  Month                    = mar,
  Pages                    = {148},
  Volume                   = {819},

  Adsnote                  = {Provided by the SAO/NASA Astrophysics Data System},
  Adsurl                   = {http://adsabs.harvard.edu/abs/2016ApJ...819..148K},
  Archiveprefix            = {arXiv},
  Doi                      = {10.3847/0004-637X/819/2/148},
  Eid                      = {148},
  Eprint                   = {1601.02621},
  Keywords                 = {galaxies: active, galaxies: Seyfert, ISM: jets and outflows, quasars: emission lines}
}

@Article{2016ApJ...833..171K,
  Title                    = {{Unravelling the Complex Structure of AGN-driven Outflows. II. Photoionization and Energetics}},
  Author                   = {{Karouzos}, Marios and {Woo}, Jong-Hak and {Bae}, Hyun-Jin},
  Journal                  = {\apj},
  Year                     = {2016},

  Month                    = Dec,
  Pages                    = {171},
  Volume                   = {833},

  Adsnote                  = {Provided by the SAO/NASA Astrophysics Data System},
  Adsurl                   = {https://ui.adsabs.harvard.edu/#abs/2016ApJ...833..171K},
  Doi                      = {10.3847/1538-4357/833/2/171},
  Eid                      = {171},
  Keywords                 = {galaxies: active, galaxies: nuclei, ISM: jets and outflows, quasars: emission lines, Astrophysics - Astrophysics of Galaxies},
  Primaryclass             = {astro-ph.GA}
}

@Article{1997A&A...323...31K,
  Title                    = {{Interpretation of the emission line spectra of Seyfert 2 galaxies by multi-component photoionization models.}},
  Author                   = {{Komossa}, S. and {Schulz}, H.},
  Journal                  = {\aap},
  Year                     = {1997},

  Month                    = jul,
  Pages                    = {31-46},
  Volume                   = {323},

  Adsnote                  = {Provided by the SAO/NASA Astrophysics Data System},
  Adsurl                   = {http://adsabs.harvard.edu/abs/1997A%26A...323...31K},
  Eprint                   = {astro-ph/9701001},
  Keywords                 = {GALAXIES: ACTIVE, GALAXIES: SEYFERT, GALAXIES: NUCLEI, ULTRAVIOLET: GALAXIES}
}

@Article{1989ApJ...343..678K,
  Title                    = {{The Origin of Coronal Lines in Seyfert Galaxies}},
  Author                   = {{Korista}, K.~T. and {Ferland}, G.~J.},
  Journal                  = {\apj},
  Year                     = {1989},

  Month                    = Aug,
  Pages                    = {678},
  Volume                   = {343},

  Adsnote                  = {Provided by the SAO/NASA Astrophysics Data System},
  Adsurl                   = {https://ui.adsabs.harvard.edu/#abs/1989ApJ...343..678K},
  Doi                      = {10.1086/167739},
  Keywords                 = {Galactic Radiation, Interstellar Matter, Line Spectra, Seyfert Galaxies, Abundance, Active Galactic Nuclei, Photoionization, Spiral Galaxies, X Ray Astronomy, Astrophysics, GALAXIES: INTERSTELLAR MATTER, GALAXIES: SEYFERT, RADIATION MECHANISMS}
}

@Article{2009ApJ...698..106K,
  Title                    = {{Physical Conditions in the Inner Narrow-Line Region of the Seyfert 2 Galaxy Markarian 573}},
  Author                   = {{Kraemer}, S.~B. and {Trippe}, M.~L. and {Crenshaw}, D.~M. and {Mel{\'e}ndez}, M. and {Schmitt}, H.~R. and {Fischer}, T.~C.},
  Journal                  = {\apj},
  Year                     = {2009},

  Month                    = Jun,
  Pages                    = {106-114},
  Volume                   = {698},

  Adsnote                  = {Provided by the SAO/NASA Astrophysics Data System},
  Adsurl                   = {https://ui.adsabs.harvard.edu/#abs/2009ApJ...698..106K},
  Archiveprefix            = {arXiv},
  Doi                      = {10.1088/0004-637X/698/1/106},
  Eprint                   = {0903.4411},
  Keywords                 = {galaxies: active, galaxies: individual: Mrk 573, galaxies: Seyfert, Astrophysics - Cosmology and Extragalactic Astrophysics},
  Primaryclass             = {astro-ph.CO}
}

@Article{2015ApJ...806...84L,
  Title                    = {{The Complex Gas Kinematics in the Nucleus of the Seyfert 2 Galaxy NGC 1386: Rotation, Outflows, and Inflows}},
  Author                   = {{Lena}, D. and {Robinson}, A. and {Storchi-Bergman}, T. and {Schnorr-M{\"u}ller}, A. and {Seelig}, T. and {Riffel}, R.~A. and {Nagar}, N.~M. and {Couto}, G.~S. and {Shadler}, L.},
  Journal                  = {\apj},
  Year                     = {2015},

  Month                    = Jun,
  Pages                    = {84},
  Volume                   = {806},

  Adsnote                  = {Provided by the SAO/NASA Astrophysics Data System},
  Adsurl                   = {https://ui.adsabs.harvard.edu/#abs/2015ApJ...806...84L},
  Doi                      = {10.1088/0004-637X/806/1/84},
  Eid                      = {84},
  Keywords                 = {black hole physics, galaxies: active, galaxies: individual: NGC 1386, galaxies: kinematics and dynamics, galaxies: nuclei, galaxies: Seyfert, Astrophysics - Astrophysics of Galaxies},
  Primaryclass             = {astro-ph.GA}
}

@Article{2013MNRAS.436.2576L,
  Title                    = {{Observations of feedback from radio-quiet quasars - II. Kinematics of ionized gas nebulae}},
  Author                   = {{Liu}, Guilin and {Zakamska}, Nadia L. and {Greene}, Jenny E. and {Nesvadba}, Nicole P.~H. and {Liu}, Xin},
  Journal                  = {\mnras},
  Year                     = {2013},

  Month                    = Dec,
  Pages                    = {2576-2597},
  Volume                   = {436},

  Adsnote                  = {Provided by the SAO/NASA Astrophysics Data System},
  Adsurl                   = {https://ui.adsabs.harvard.edu/#abs/2013MNRAS.436.2576L},
  Archiveprefix            = {arXiv},
  Doi                      = {10.1093/mnras/stt1755},
  Eprint                   = {1305.6922},
  Keywords                 = {quasars: emission lines, Astrophysics - Cosmology and Nongalactic Astrophysics},
  Primaryclass             = {astro-ph.CO}
}

@ARTICLE{2015ApJS..221....9L,
	author = {{Liu}, Guilin and {Arav}, Nahum and {Rupke}, David S.~N.},
	title = "{Integral Field Spectroscopy of AGN Absorption Outflows: Mrk 509 and IRAS
	F04250-5718}",
	journal = {The Astrophysical Journal Supplement Series},
	keywords = {quasars: absorption lines, quasars: emission lines, quasars: individual:
	Mrk 509, IRAS F04250─5718, Astrophysics - Astrophysics of
	Galaxies},
	year = 2015,
	month = Nov,
	volume = {221},
	eid = {9},
	pages = {9},
	doi = {10.1088/0067-0049/221/1/9},
	archivePrefix = {arXiv},
	eprint = {1509.05773},
	primaryClass = {astro-ph.GA},
	adsurl = {https://ui.adsabs.harvard.edu/#abs/2015ApJS..221....9L},
	adsnote = {Provided by the SAO/NASA Astrophysics Data System}
}


@Article{2018MNRAS.480.5203M,
  Title                    = {{[O II] as a proxy for star formation in AGN host galaxies: beware of extended emission line regions}},
  Author                   = {{Maddox}, Natasha},
  Journal                  = {\mnras},
  Year                     = {2018},

  Month                    = Nov,
  Pages                    = {5203-5210},
  Volume                   = {480},

  Adsnote                  = {Provided by the SAO/NASA Astrophysics Data System},
  Adsurl                   = {https://ui.adsabs.harvard.edu/#abs/2018MNRAS.480.5203M},
  Doi                      = {10.1093/mnras/sty2201},
  Keywords                 = {line: formation, surveys, ISM: general, quasars: emission lines, galaxies: star formation, radio continuum: galaxies, Astrophysics - Astrophysics of Galaxies},
  Primaryclass             = {astro-ph.GA}
}

@Article{2018MNRAS.474.3615M,
  Title                    = {{Triggering active galactic nuclei in galaxy clusters}},
  Author                   = {{Marshall}, Madeline A. and {Shabala}, Stanislav S. and {Krause}, Martin G.~H. and {Pimbblet}, Kevin A. and {Croton}, Darren J. and {Owers}, Matt S.},
  Journal                  = {\mnras},
  Year                     = {2018},

  Month                    = Mar,
  Pages                    = {3615-3628},
  Volume                   = {474},

  Adsnote                  = {Provided by the SAO/NASA Astrophysics Data System},
  Adsurl                   = {https://ui.adsabs.harvard.edu/#abs/2018MNRAS.474.3615M},
  Doi                      = {10.1093/mnras/stx2996},
  Keywords                 = {galaxies: active, galaxies: clusters: general, galaxies: evolution, galaxies: formation, Astrophysics - Astrophysics of Galaxies},
  Primaryclass             = {astro-ph.GA}
}

@Article{2007ApJ...664..761M,
  Title                    = {{The Distribution of Active Galactic Nuclei in Clusters of Galaxies}},
  Author                   = {{Martini}, Paul and {Mulchaey}, John S. and {Kelson}, Daniel D.},
  Journal                  = {\apj},
  Year                     = {2007},

  Month                    = Aug,
  Pages                    = {761-776},
  Volume                   = {664},

  Adsnote                  = {Provided by the SAO/NASA Astrophysics Data System},
  Adsurl                   = {https://ui.adsabs.harvard.edu/#abs/2007ApJ...664..761M},
  Archiveprefix            = {arXiv},
  Doi                      = {10.1086/519158},
  Eprint                   = {0704.3455},
  Keywords                 = {Galaxies: Active, Galaxies: Clusters: General, Galaxies: Evolution, X-Rays: Galaxies, X-Rays: Galaxies: Clusters, X-Rays: General, Astrophysics},
  Primaryclass             = {astro-ph}
}

@Article{2017A&A...599A..83M,
  Title                    = {{Emission line galaxies and active galactic nuclei in WINGS clusters}},
  Author                   = {{Marziani}, P. and {D'Onofrio}, M. and {Bettoni}, D. and {Poggianti}, B.~M. and {Moretti}, A. and {Fasano}, G. and {Fritz}, J. and {Cava}, A. and {Varela}, J. and {Omizzolo}, A.},
  Journal                  = {\aap},
  Year                     = {2017},

  Month                    = Mar,
  Pages                    = {A83},
  Volume                   = {599},

  Adsnote                  = {Provided by the SAO/NASA Astrophysics Data System},
  Adsurl                   = {https://ui.adsabs.harvard.edu/#abs/2017A&A...599A..83M},
  Doi                      = {10.1051/0004-6361/201628941},
  Eid                      = {A83},
  Keywords                 = {catalogs, galaxies: clusters: general, galaxies: clusters: intracluster medium, galaxies: star formation, galaxies: statistics, galaxies: evolution, Astrophysics - Astrophysics of Galaxies},
  Primaryclass             = {astro-ph.GA}
}

@Article{2010MNRAS.405.1315M,
  Title                    = {{Demystifying the coronal-line region of active galactic nuclei: spatially resolved spectroscopy with the Hubble Space Telescope}},
  Author                   = {{Mazzalay}, X. and {Rodr{\'{\i}}guez-Ardila}, A. and {Komossa}, S. },
  Journal                  = {\mnras},
  Year                     = {2010},

  Month                    = jun,
  Pages                    = {1315-1338},
  Volume                   = {405},

  Adsnote                  = {Provided by the SAO/NASA Astrophysics Data System},
  Adsurl                   = {http://adsabs.harvard.edu/abs/2010MNRAS.405.1315M},
  Archiveprefix            = {arXiv},
  Doi                      = {10.1111/j.1365-2966.2010.16533.x},
  Eprint                   = {1002.3152},
  Keywords                 = {line: formation, line: profiles, galaxies: active, galaxies: kinematics and dynamics, galaxies: nuclei, galaxies: Seyfert}
}

@Article{2018arXiv181107935M,
  Title                    = {{The MAGNUM survey: different gas properties in the outflowing and disk components in nearby active galaxies with MUSE}},
  Author                   = {{Mingozzi}, M. and {Cresci}, G. and {Venturi}, G. and {Marconi}, A. and {Mannucci}, F. and {Perna}, M. and {Belfiore}, F. and {Carniani}, S. and {Balmaverde}, B. and {Brusa}, M. and {Cicone}, C. and {Feruglio}, C. and {Gallazzi}, A. and {Mainieri}, V. and {Maiolino}, R. and {Nagao}, T. and {Nardini}, E. and {Sani}, E. and {Tozzi}, P. and {Zibetti}, S.},
  Journal                  = {ArXiv e-prints},
  Year                     = {2018},

  Month                    = Nov,
  Pages                    = {arXiv:1811.07935},

  Adsnote                  = {Provided by the SAO/NASA Astrophysics Data System},
  Adsurl                   = {https://ui.adsabs.harvard.edu/#abs/2018arXiv181107935M},
  Archiveprefix            = {arXiv},
  Eid                      = {arXiv:1811.07935},
  Eprint                   = {1811.07935},
  Keywords                 = {Astrophysics - Astrophysics of Galaxies},
  Primaryclass             = {astro-ph.GA}
}

@Article{2016ApJ...832...67N,
  Title                    = {{The Origin of Double-peaked Narrow Lines in Active Galactic Nuclei. II. Kinematic Classifications for the Population at z \&lt; 0.1}},
  Author                   = {{Nevin}, R. and {Comerford}, J. and {M{\"u}ller-S{\'a}nchez}, F. and {Barrows}, R. and {Cooper}, M.},
  Journal                  = {\apj},
  Year                     = {2016},

  Month                    = Nov,
  Pages                    = {67},
  Volume                   = {832},

  Adsnote                  = {Provided by the SAO/NASA Astrophysics Data System},
  Adsurl                   = {https://ui.adsabs.harvard.edu/#abs/2016ApJ...832...67N},
  Doi                      = {10.3847/0004-637X/832/1/67},
  Eid                      = {67},
  Keywords                 = {galaxies: active, galaxies: interactions, galaxies: kinematics and dynamics, galaxies: nuclei, Astrophysics - Astrophysics of Galaxies},
  Primaryclass             = {astro-ph.GA}
}

@Article{2018MNRAS.473.2160N,
  Title                    = {{The origin of double-peaked narrow lines in active galactic nuclei - III. Feedback from biconical AGN outflows}},
  Author                   = {{Nevin}, R. and {Comerford}, J.~M. and {M{\"u}ller-S{\'a}nchez}, F. and {Barrows}, R. and {Cooper}, M.~C.},
  Journal                  = {\mnras},
  Year                     = {2018},

  Month                    = Jan,
  Pages                    = {2160-2187},
  Volume                   = {473},

  Adsnote                  = {Provided by the SAO/NASA Astrophysics Data System},
  Adsurl                   = {https://ui.adsabs.harvard.edu/#abs/2018MNRAS.473.2160N},
  Doi                      = {10.1093/mnras/stx2433},
  Keywords                 = {galaxies: active, galaxies: interactions, galaxies: kinematics and dynamics, galaxies: nuclei, Astrophysics - Astrophysics of Galaxies},
  Primaryclass             = {astro-ph.GA}
}

@Book{2006agna.book.....O,
  Title                    = {{Astrophysics of gaseous nebulae and active galactic nuclei}},
  Author                   = {{Osterbrock}, Donald E. and {Ferland}, Gary J.},
  Year                     = {2006},

  Adsnote                  = {Provided by the SAO/NASA Astrophysics Data System},
  Adsurl                   = {https://ui.adsabs.harvard.edu/#abs/2006agna.book.....O},
  Booktitle                = {Astrophysics of gaseous nebulae and active galactic nuclei, 2nd. ed. by D.E. Osterbrock and G.J. Ferland. Sausalito, CA: University Science Books, 2006}
}

@Article{2013MNRAS.429.1827P,
  Title                    = {{The drivers of AGN activity in galaxy clusters: AGN fraction as a function of mass and environment}},
  Author                   = {{Pimbblet}, K.~A. and {Shabala}, S.~S. and {Haines}, C.~P. and {Fraser- McKelvie}, A. and {Floyd}, D.~J.~E.},
  Journal                  = {\mnras},
  Year                     = {2013},

  Month                    = Feb,
  Pages                    = {1827-1839},
  Volume                   = {429},

  Adsnote                  = {Provided by the SAO/NASA Astrophysics Data System},
  Adsurl                   = {https://ui.adsabs.harvard.edu/#abs/2013MNRAS.429.1827P},
  Archiveprefix            = {arXiv},
  Doi                      = {10.1093/mnras/sts470},
  Eprint                   = {1212.0261},
  Keywords                 = {galaxies: active, galaxies: clusters: general, galaxies: evolution, Astrophysics - Cosmology and Nongalactic Astrophysics},
  Primaryclass             = {astro-ph.CO}
}

@Article{2017Natur.548..304P,
  Title                    = {{Ram-pressure feeding of supermassive black holes}},
  Author                   = {{Poggianti}, B.~M. and {Jaff{\'e}}, Y.~L. and {Moretti}, A. and {Gullieuszik}, M. and {Radovich}, M. and {Tonnesen}, S. and {Fritz}, J. and {Bettoni}, D. and {Vulcani}, B. and {Fasano}, G. and {Bellhouse}, C. and {Hau}, G. and {Omizzolo}, A.},
  Journal                  = {\nat},
  Year                     = {2017},

  Month                    = aug,
  Pages                    = {304-309},
  Volume                   = {548},

  Adsnote                  = {Provided by the SAO/NASA Astrophysics Data System},
  Adsurl                   = {http://adsabs.harvard.edu/abs/2017Natur.548..304P},
  Archiveprefix            = {arXiv},
  Doi                      = {10.1038/nature23462},
  Eprint                   = {1708.09036}
}

@Article{2017ApJ...844...48P,
  Title                    = {{GASP. I. Gas Stripping Phenomena in Galaxies with MUSE}},
  Author                   = {{Poggianti}, B.~M. and {Moretti}, A. and {Gullieuszik}, M. and {Fritz}, J. and {Jaff{\'e}}, Y. and {Bettoni}, D. and {Fasano}, G. and {Bellhouse}, C. and {Hau}, G. and {Vulcani}, B. and {Biviano}, A. and {Omizzolo}, A. and {Paccagnella}, A. and {D{\rsquo}Onofrio}, M. and {Cava}, A. and {Sheen}, Y.-K. and {Couch}, W. and {Owers}, M. },
  Journal                  = {\apj},
  Year                     = {2017},

  Month                    = jul,
  Pages                    = {48},
  Volume                   = {844},

  Adsnote                  = {Provided by the SAO/NASA Astrophysics Data System},
  Adsurl                   = {http://adsabs.harvard.edu/abs/2017ApJ...844...48P},
  Archiveprefix            = {arXiv},
  Doi                      = {10.3847/1538-4357/aa78ed},
  Eid                      = {48},
  Eprint                   = {1704.05086},
  Keywords                 = {galaxies: clusters: general, galaxies: evolution, galaxies: general, galaxies: groups: general, galaxies: kinematics and dynamics, intergalactic medium }
}

@Article{2015ApJS..221...28R,
  Title                    = {{Galaxy Mergers Drive Shocks: An Integral Field Study of GOALS Galaxies}},
  Author                   = {{Rich}, J.~A. and {Kewley}, L.~J. and {Dopita}, M.~A.},
  Journal                  = {\apjs},
  Year                     = {2015},

  Month                    = dec,
  Pages                    = {28},
  Volume                   = {221},

  Adsnote                  = {Provided by the SAO/NASA Astrophysics Data System},
  Adsurl                   = {http://adsabs.harvard.edu/abs/2015ApJS..221...28R},
  Archiveprefix            = {arXiv},
  Doi                      = {10.1088/0067-0049/221/2/28},
  Eid                      = {28},
  Eprint                   = {1509.08468},
  Keywords                 = {galaxies: active, galaxies: interactions, galaxies: ISM, galaxies: Seyfert, galaxies: starburst}
}

@InProceedings{1997ASPC..113..280R,
  Title                    = {{Extended Emission-Line Regions Around AGN}},
  Author                   = {{Robinson}, A.},
  Booktitle                = {IAU Colloq. 159: Emission Lines in Active Galaxies: New Methods and Techniques},
  Year                     = {1997},
  Editor                   = {{Peterson}, B.~M. and {Cheng}, F.-Z. and {Wilson}, A.~S.},
  Pages                    = {280},
  Series                   = {Astronomical Society of the Pacific Conference Series},
  Volume                   = {113},

  Adsnote                  = {Provided by the SAO/NASA Astrophysics Data System},
  Adsurl                   = {http://adsabs.harvard.edu/abs/1997ASPC..113..280R}
}

@Article{2018A&A...617A.139S,
  Title                    = {{Probing multi-phase outflows and AGN feedback in compact radio galaxies: the case of PKS B1934-63}},
  Author                   = {{Santoro}, F. and {Rose}, M. and {Morganti}, R. and {Tadhunter}, C. and {Oosterloo}, T.~A. and {Holt}, J.},
  Journal                  = {\aap},
  Year                     = {2018},

  Month                    = Oct,
  Pages                    = {A139},
  Volume                   = {617},

  Adsnote                  = {Provided by the SAO/NASA Astrophysics Data System},
  Adsurl                   = {https://ui.adsabs.harvard.edu/#abs/2018A&A...617A.139S},
  Doi                      = {10.1051/0004-6361/201833248},
  Eid                      = {A139},
  Keywords                 = {ISM: jets and outflows, evolution, galaxies: active, galaxies: evolution, galaxies individual: PKS B1934-63, Astrophysics - Astrophysics of Galaxies},
  Primaryclass             = {astro-ph.GA}
}

@Article{2018arXiv181006246S,
  Title                    = {{Bipolar ionization cones in the Extended Narrow-Line Region of nearby QSO2s}},
  Author                   = {{Storchi-Bergmann}, Thaisa and {Dall'Agnol de Oliveira}, Bruno and {Longo Micchi}, Luis Felipe and {Schmitt}, Henrique Roberto and {Cody Fischer}, Travis and {Kraemer}, Steven and {Crenshaw}, Michael and {Maksym}, Peter and {Elvis}, Martin and {Fabbiano}, Giuseppina and {Colina}, Luis},
  Journal                  = {ArXiv e-prints},
  Year                     = {2018},

  Month                    = Oct,
  Pages                    = {arXiv:1810.06246},

  Adsnote                  = {Provided by the SAO/NASA Astrophysics Data System},
  Adsurl                   = {https://ui.adsabs.harvard.edu/#abs/2018arXiv181006246S},
  Archiveprefix            = {arXiv},
  Eid                      = {arXiv:1810.06246},
  Eprint                   = {1810.06246},
  Keywords                 = {Astrophysics - Astrophysics of Galaxies},
  Primaryclass             = {astro-ph.GA}
}

@Article{2018ApJ...856...89T,
  Title                    = {{Interrogating Seyferts with NebulaBayes: Spatially Probing the Narrow-line Region Radiation Fields and Chemical Abundances}},
  Author                   = {{Thomas}, A.~D. and {Dopita}, M.~A. and {Kewley}, L.~J. and {Groves}, B.~A. and {Sutherland}, R.~S. and {Hopkins}, A.~M. and {Blanc}, G.~A.},
  Journal                  = {\apj},
  Year                     = {2018},

  Month                    = apr,
  Pages                    = {89},
  Volume                   = {856},

  Adsnote                  = {Provided by the SAO/NASA Astrophysics Data System},
  Adsurl                   = {http://adsabs.harvard.edu/abs/2018ApJ...856...89T},
  Archiveprefix            = {arXiv},
  Doi                      = {10.3847/1538-4357/aab3db},
  Eid                      = {89},
  Eprint                   = {1803.00740},
  Keywords                 = {galaxies: abundances, galaxies: active, galaxies: ISM, galaxies: Seyfert, ISM: abundances, quasars: emission lines }
}

@Article{2017ApJS..232...11T,
  Title                    = {{Probing the Physics of Narrow-line Regions in Active Galaxies. IV. Full Data Release of the Siding Spring Southern Seyfert Spectroscopic Snapshot Survey (S7)}},
  Author                   = {{Thomas}, A.~D. and {Dopita}, M.~A. and {Shastri}, P. and {Davies}, R. and {Hampton}, E. and {Kewley}, L. and {Banfield}, J. and {Groves}, B. and {James}, B.~L. and {Jin}, C. and {Juneau}, S. and {Kharb}, P. and {Sairam}, L. and {Scharw{\"a}chter}, J. and {Shalima}, P. and {Sundar}, M.~N. and {Sutherland}, R. and {Zaw}, I.},
  Journal                  = {\apjs},
  Year                     = {2017},

  Month                    = sep,
  Pages                    = {11},
  Volume                   = {232},

  Adsnote                  = {Provided by the SAO/NASA Astrophysics Data System},
  Adsurl                   = {http://adsabs.harvard.edu/abs/2017ApJS..232...11T},
  Archiveprefix            = {arXiv},
  Doi                      = {10.3847/1538-4365/aa855a},
  Eid                      = {11},
  Eprint                   = {1708.02683},
  Keywords                 = {galaxies: abundances, galaxies: active, galaxies: ISM, galaxies: jets, galaxies: Seyfert, surveys}
}

@Article{2016ApJ...833..266T,
  Title                    = {{A Physically based Model of the Ionizing Radiation from Active Galaxies for Photoionization Modeling}},
  Author                   = {{Thomas}, A.~D. and {Groves}, B.~A. and {Sutherland}, R.~S. and {Dopita}, M.~A. and {Kewley}, L.~J. and {Jin}, C.},
  Journal                  = {\apj},
  Year                     = {2016},

  Month                    = dec,
  Pages                    = {266},
  Volume                   = {833},

  Adsnote                  = {Provided by the SAO/NASA Astrophysics Data System},
  Adsurl                   = {http://adsabs.harvard.edu/abs/2016ApJ...833..266T},
  Archiveprefix            = {arXiv},
  Doi                      = {10.3847/1538-4357/833/2/266},
  Eid                      = {266},
  Eprint                   = {1611.05165},
  Keywords                 = {black hole physics, galaxies: individual: NGC 1365, ISM: lines and bands, line: formation, quasars: emission lines}
}

@Article{1987ApJS...63..295V,
  Title                    = {{Spectral Classification of Emission-Line Galaxies}},
  Author                   = {{Veilleux}, Sylvain and {Osterbrock}, Donald E.},
  Journal                  = {The Astrophysical Journal Supplement Series},
  Year                     = {1987},

  Month                    = Feb,
  Pages                    = {295},
  Volume                   = {63},

  Adsnote                  = {Provided by the SAO/NASA Astrophysics Data System},
  Adsurl                   = {https://ui.adsabs.harvard.edu/#abs/1987ApJS...63..295V},
  Doi                      = {10.1086/191166},
  Keywords                 = {Emission Spectra, Seyfert Galaxies, Spectral Line Width, Spectrum Analysis, Active Galaxies, Astronomical Models, Astronomical Spectroscopy, H Ii Regions, Hot Stars, Interstellar Extinction, Photoionization, Star Formation, Astrophysics, GALAXIES: SEYFERT}
}

@Article{2018A&A...619A..74V,
  Title                    = {{MAGNUM survey: A MUSE-Chandra resolved view on ionized outflows and photoionization in the Seyfert galaxy NGC1365}},
  Author                   = {{Venturi}, Giacomo and {Nardini}, Emanuele and {Marconi}, Alessandro and {Carniani}, Stefano and {Mingozzi}, Matilde and {Cresci}, Giovanni and {Mannucci}, Filippo and {Risaliti}, Guido and {Maiolino}, Roberto and {Balmaverde}, Barbara and {Bongiorno}, Angela and {Brusa}, Marcella and {Capetti}, Alessandro and {Cicone}, Claudia and {Ciroi}, Stefano and {Feruglio}, Chiara and {Fiore}, Fabrizio and {Gallazzi}, Anna and {La Franca}, Fabio and {Mainieri}, Vincenzo and {Matsuoka}, Kenta and {Nagao}, Tohru and {Perna}, Michele and {Piconcelli}, Enrico and {Sani}, Eleonora and {Tozzi}, Paolo and {Zibetti}, Stefano},
  Journal                  = {\aap},
  Year                     = {2018},

  Month                    = Nov,
  Pages                    = {A74},
  Volume                   = {619},

  Adsnote                  = {Provided by the SAO/NASA Astrophysics Data System},
  Adsurl                   = {https://ui.adsabs.harvard.edu/#abs/2018A&A...619A..74V},
  Doi                      = {10.1051/0004-6361/201833668},
  Eid                      = {A74},
  Keywords                 = {galaxies: individual: NGC1365, galaxies: Seyfert, ISM: jets and outflows, techniques: imaging spectroscopy, X-rays: individuals: NGC1365, X-rays: ISM, Astrophysics - Astrophysics of Galaxies},
  Primaryclass             = {astro-ph.GA}
}

@Article{2008ApJ...682..155W,
  Title                    = {{XMM-Newton and Chandra Observations of Abell 2626: Interacting Radio Jets and Cooling Core with Jet Precession?}},
  Author                   = {{Wong}, Ka-Wah and {Sarazin}, Craig L. and {Blanton}, Elizabeth L. and {Reiprich}, Thomas H.},
  Journal                  = {\apj},
  Year                     = {2008},

  Month                    = Jul,
  Pages                    = {155-174},
  Volume                   = {682},

  Adsnote                  = {Provided by the SAO/NASA Astrophysics Data System},
  Adsurl                   = {https://ui.adsabs.harvard.edu/#abs/2008ApJ...682..155W},
  Archiveprefix            = {arXiv},
  Doi                      = {10.1086/588272},
  Eprint                   = {0803.1680},
  Keywords                 = {cooling flows, galaxies: clusters: general, galaxies: clusters: individual: Abell 2626, intergalactic medium, radio continuum: galaxies, X-rays: galaxies: clusters, Astrophysics},
  Primaryclass             = {astro-ph}
}

@Article{2016ApJ...817..108W,
  Title                    = {{The Prevalence of Gas Outflows in Type 2 AGNs}},
  Author                   = {{Woo}, J.-H. and {Bae}, H.-J. and {Son}, D. and {Karouzos}, M. },
  Journal                  = {\apj},
  Year                     = {2016},

  Month                    = feb,
  Pages                    = {108},
  Volume                   = {817},

  Adsnote                  = {Provided by the SAO/NASA Astrophysics Data System},
  Adsurl                   = {http://adsabs.harvard.edu/abs/2016ApJ...817..108W},
  Archiveprefix            = {arXiv},
  Doi                      = {10.3847/0004-637X/817/2/108},
  Eid                      = {108},
  Eprint                   = {1511.05142},
  Keywords                 = {galaxies: active, galaxies: kinematics and dynamics, quasars: emission lines}
}

@Article{2004AJ....127...90Y,
  Title                    = {{Subaru Deep Spectroscopy of the Very Extended Emission-Line Region of NGC 4388: Ram Pressure Stripped Gas Ionized by Nuclear Radiation}},
  Author                   = {{Yoshida}, Michitoshi and {Ohyama}, Youichi and {Iye}, Masanori and {Aoki}, Kentaro and {Kashikawa}, Nobunari and {Sasaki}, Toshiyuki and {Shimasaku}, Kazuhiro and {Yagi}, Masafumi and {Okamura}, Sadanori and {Doi}, Mamoru and {Furusawa}, Hisanori and {Hamabe}, Masaru and {Kimura}, Masahiko and {Komiyama}, Yutaka and {Miyazaki}, Masayuki and {Miyazaki}, Satoshi and {Nakata}, Fumiaki and {Ouchi}, Masami and {Sekiguchi}, Maki and {Yasuda}, Naoki},
  Journal                  = {\aj},
  Year                     = {2004},

  Month                    = Jan,
  Pages                    = {90-104},
  Volume                   = {127},

  Adsnote                  = {Provided by the SAO/NASA Astrophysics Data System},
  Adsurl                   = {https://ui.adsabs.harvard.edu/#abs/2004AJ....127...90Y},
  Archiveprefix            = {arXiv},
  Doi                      = {10.1086/380221},
  Eprint                   = {astro-ph/0310044},
  Keywords                 = {Galaxies: Clusters: General, Galaxies: Evolution, Galaxies: Individual: NGC Number: NGC 4388, Galaxies: Kinematics and Dynamics, Galaxies: Seyfert, Galaxies: Intergalactic Medium, Astrophysics},
  Primaryclass             = {astro-ph}
}

